<?xml version="1.0" encoding="UTF-8"?><collection xmlns="http://www.loc.gov/MARC21/slim"><record><leader>00530nam--2200193-u-4500</leader><controlfield tag="001">000053111</controlfield><controlfield tag="002">20161230</controlfield><controlfield tag="005">20161230201050</controlfield><controlfield tag="008">110105s1000------------r-----000-0-eng-d</controlfield><datafield ind1=" " ind2=" " tag="020"><subfield code="a">981022057X</subfield></datafield><datafield ind1=" " ind2=" " tag="040"><subfield code="a">IFIN-HH</subfield></datafield><datafield ind1=" " ind2=" " tag="080"><subfield code="a">539.14:539.12</subfield></datafield><datafield ind1="1" ind2=" " tag="100"><subfield code="a">Haxton, Wick C</subfield></datafield><datafield ind1="1" ind2="0" tag="245"><subfield code="a">Symmetries and fundamental interactions in nuclei</subfield><subfield code="c">Wick c. haxton; ernest m. henley</subfield></datafield><datafield ind1=" " ind2=" " tag="260"><subfield code="a">Singapore</subfield><subfield code="b">World Scientific</subfield><subfield code="c">1995</subfield></datafield><datafield ind1=" " ind2=" " tag="300"><subfield code="a">435P</subfield></datafield><datafield ind1="1" ind2=" " tag="700"><subfield code="a">Henley, Ernest M</subfield></datafield><datafield ind1=" " ind2=" " tag="852"><subfield code="a">81906</subfield><subfield code="c">539</subfield></datafield><datafield ind1=" " ind2=" " tag="CAT"><subfield code="a">Sys</subfield><subfield code="c">20110105</subfield><subfield code="h">155047</subfield></datafield></record></collection>